% On the definition of MAS
@book{ferber1999multi,
  title     ={Multi-agent systems: an introduction to distributed artificial intelligence},
  author    ={Ferber, Jacques},
  volume    ={1},
  year      ={1999},
  publisher ={Addison-Wesley Reading}
}

%On the definition of MAS and agents
@book{wooldridge2008introduction,
  title={An introduction to multiagent systems},
  author={Wooldridge, Michael},
  year={2008},
  publisher={Wiley. com}
}

% JADE white paper on what is JADE
@article{bellifemine2003jade,
  title={JADE-A White Paper, Sept. 2003},
  author={Bellifemine, F and Caire, G and Poggi, A and Rimassa, G},
  journal={Online document accessible under http://jade. tilab. com/papers/2003/WhitePaperJADEEXP. pdf (last access: March 22, 2008)},
  year={2003}
}

% Why JADE is slow
@inproceedings{mengistu2008scalability,
  title={Scalability in distributed multi-agent based simulations: The JADE case},
  author={Mengistu, Dawit and Troger, P and Lundberg, Lars and Davidsson, Paul},
  booktitle={Future Generation Communication and Networking Symposia, 2008. FGCNS'08. Second International Conference on},
  volume={5},
  pages={93--99},
  year={2008},
  organization={IEEE}
}


% What is repast
@article{collier2003repast,
  title={Repast: An extensible framework for agent simulation},
  author={Collier, Nick},
  journal={The University of Chicagoâ€™s Social Science Research},
  volume={36},
  year={2003}
}

% MISIA
@inproceedings{garcia2011misia,
  title={MISIA: Middleware Infrastructure to Simulate Intelligent Agents},
  author={Garc{\'\i}a, Elena and Rodr{\'\i}guez, Sara and Mart{\'\i}n, Beatriz and Zato, Carolina and P{\'e}rez, Bel{\'e}n},
  booktitle={International Symposium on Distributed Computing and Artificial Intelligence},
  pages={107--116},
  year={2011},
  organization={Springer Berlin Heidelberg}
}


% JREP
@inproceedings{gormer2011jrep,
  title={Jrep: Extending repast simphony for jade agent behavior components},
  author={Gormer, Jana and Homoceanu, Gianina and Mumme, Christopher and Huhn, Michaela and Muller, Jorg P},
  booktitle={Proceedings of the 2011 IEEE/WIC/ACM International Conferences on Web Intelligence and Intelligent Agent Technology-Volume 02},
  pages={149--154},
  year={2011},
  organization={IEEE Computer Society}
}


% Another Jade+Repast approach. Referenced by MISIA
@incollection{yoo2009combining,
  title={Combining JADE and Repast for the complex simulation of enterprise value-adding networks},
  author={Yoo, Min-Jung and Glardon, R{\'e}my},
  booktitle={Agent-Oriented Software Engineering IX},
  pages={243--256},
  year={2009},
  publisher={Springer}
}

% ATL Language for model transformations
@inproceedings{jouault2006transforming,
  title={Transforming models with ATL},
  author={Jouault, Fr{\'e}d{\'e}ric and Kurtev, Ivan},
  booktitle={Satellite Events at the MoDELS 2005 Conference},
  pages={128--138},
  year={2006},
  organization={Springer}
}


@Misc{eclipseJDT,
 author       = "The Eclipse Foundation",
 title        = "Eclipse Java development tools (JDT)",
 howpublished = "Available at \url{http://www.eclipse.org/jdt/}, last access on February 2014",
}

@article{pawlak2006spoon,
  title={Spoon: Program analysis and transformation in java},
  author={Pawlak, Renaud and Noguera, Carlos and others},
  year={2006}
}


@TECHREPORT{spoon,
  author = {R. Pawlak and C. Noguera and N. Petitprez},
  title = {Spoon: Program Analysis and Transformation in Java},
  institution = {INRIA},
  year = {2006},
  number = {5901}

} 

% Cougar. Includes comparison with JADE
@inproceedings{helsinger2004cougaar,
  title={Cougaar: a scalable, distributed multi-agent architecture},
  author={Helsinger, Aaron and Thome, Michael and Wright, Todd},
  booktitle={Systems, Man and Cybernetics, 2004 IEEE International Conference on},
  volume={2},
  pages={1910--1917},
  year={2004},
  organization={IEEE}
}


http://jade.tilab.com/
@Misc{eclipseJDT,
 author       = "Telecom Italia",
 title        = "JADE - Java Agent DEvelopment Framework",
 howpublished = "Available at \url{http://jade.tilab.com/}, last access on February 2014",
}

http://repast.sourceforge.net/repast_simphony.php
@Misc{eclipseJDT,
 author       = "Argonne National Laboratory",
 title        = "Repast Simphony",
 howpublished = "Available at \url{http://repast.sourceforge.net/repast_simphony.php}, last access on February 2014",
}