
%On the definition of MAS and agents
@book{wooldridge2008introduction,
  title={An introduction to multiagent systems},
  author={Wooldridge, Michael},
  year={2008},
  publisher={Wiley. com}
}

@article{Bellifemine2003Jade,
    author = {Bellifemine, Fabio and Caire, Giovanni and Poggi, Agostino and Rimassa, Giovanni},
    journal = {EXP in search of innovation},
    number = {3},
    pages = {6--19},
    publisher = {Telecom Italia Lab (TILAB)},
    title = {{JADE: A White Paper}},
    volume = {3},
    year = {2003}
}


% Why JADE is slow
@inproceedings{mengistu2008scalability,
  title={Scalability in distributed multi-agent based simulations: The JADE case},
  author={Mengistu, Dawit and Troger, Peter and Lundberg, Lars and Davidsson, Paul},
  booktitle={Future Generation Communication and Networking Symposia, 2008. FGCNS'08. Second International Conference on},
  volume={5},
  pages={93--99},
  year={2008},
  organization={IEEE}
}


% What is repast
@article{collier2003repast,
  title={Repast: An extensible framework for agent simulation},
  author={Collier, Nick},
  journal={The University of Chicago’s Social Science Research},
  volume={36},
  year={2003}
}

% MISIA
@inproceedings{garcia2011misia,
  title={MISIA: Middleware Infrastructure to Simulate Intelligent Agents},
  author={Garc{\'\i}a, Elena and Rodr{\'\i}guez, Sara and Mart{\'\i}n, Beatriz and Zato, Carolina and P{\'e}rez, Bel{\'e}n},
  booktitle={International Symposium on Distributed Computing and Artificial Intelligence},
  pages={107--116},
  year={2011},
  organization={Springer Berlin Heidelberg}
}


% JREP
@inproceedings{gormer2011jrep,
  title={Jrep: Extending repast simphony for jade agent behavior components},
  author={Gormer, Jana and Homoceanu, Gianina and Mumme, Christopher and Huhn, Michaela and Muller, Jorg},
  booktitle={Proceedings of the 2011 IEEE/WIC/ACM International Conferences on Web Intelligence and Intelligent Agent Technology-Volume 02},
  pages={149--154},
  year={2011},
  organization={IEEE Computer Society}
}


% Another Jade+Repast approach. Referenced by MISIA
@incollection{YooG08,
  title={Combining JADE and Repast for the complex simulation of enterprise value-adding networks},
  author={Yoo, Min-Jung and Glardon, R{\'e}my},
  booktitle={Agent-Oriented Software Engineering IX},
  pages={243--256},
  year={2009},
  publisher={Springer}
}

% ATL Language for model transformations
@inproceedings{jouault2006transforming,
  title={Transforming models with ATL},
  author={Jouault, Fr{\'e}d{\'e}ric and Kurtev, Ivan},
  booktitle={Satellite Events at the MoDELS 2005 Conference},
  pages={128--138},
  year={2006},
  organization={Springer}
}

@article{pawlak2006spoon,
  title={Spoon: Program analysis and transformation in java},
  author={Pawlak, Renaud and Noguera, Carlos and others},
  year={2006}
}



@article{o1998fipa,
  title={FIPA—towards a standard for software agents},
  author={O'Brien, Patrick and Nicol, Richard},
  journal={BT Technology Journal},
  volume={16},
  number={3},
  pages={51--59},
  year={1998},
  publisher={Springer}
}

@article{survey,
Author = {Nikolai, Cynthia and Madey, Gregory},
ISSN = {14607425},
Journal = {Journal of Artificial Societies \& Social Simulation},
Keywords = {ELECTRONIC data processing, ARTIFICIAL languages, LICENSES, PROGRAMMING languages (Electronic computers), TAXONOMY, OPERATING systems (Computers), COMPUTER programming, SIMULATION methods & models, EXPERTISE, SURVEYS, Agent Based Modeling, Multi Agent Systems},
Number = {2},
Pages = {2},
Title = {Tools of the Trade: A Survey of Various Agent Based Modeling Platforms.},
Volume = {12},
Year = {2009},
}

@article{survey2,
Author = {Allan, Rob},
Title = {Survey of Agent Based Modelling and Simulation Tools},
journal={BT Technology Journal},
keywords = {Archaeology , agent based modelling},
year={2009}
}

@inproceedings{repSimph,
  title={The Repast Simphony Runtime System},
  author={North, Michael and Howe, Tom and Collier Nick. and Vos, Richie},
  booktitle={Proceedings of the Agent 2005 Conference on Generative Social Processes, Models, and Mechanisms},
}

@inproceedings{warden2010towards,
  title={Towards ontology-based multiagent simulations: The plasma approach},
  author={Warden, Tobias and Porzel, Robert and Gehrke, Jan D and Herzog, Otthein and Langer, Hagen and Malaka, Rainer},
  booktitle={24th European conference on modelling and simulation (ECMS 2010). European council for modelling and simulation},
  pages={50--56},
  year={2010}
}
